<record><leader>00000cas a2200000 i 4500</leader><controlfield tag="001">829112638</controlfield><controlfield tag="008">130306d18651865ohudn ne      0   a0eng  </controlfield><datafield ind1=" " ind2=" " tag="010"><subfield code="a">  2013218612</subfield></datafield><datafield ind1=" " ind2=" " tag="040"><subfield code="a">DLC</subfield><subfield code="b">eng</subfield><subfield code="e">rda</subfield><subfield code="c">DLC</subfield><subfield code="d">DLC</subfield><subfield code="d">OCLCQ</subfield><subfield code="d">OCLCA</subfield><subfield code="d">OCLCF</subfield></datafield><datafield ind1="0" ind2=" " tag="022"><subfield code="a">2327-1361</subfield><subfield code="2">1</subfield></datafield><datafield ind1=" " ind2=" " tag="042"><subfield code="a">pcc</subfield><subfield code="a">nsdp</subfield></datafield><datafield ind1=" " ind2=" " tag="043"><subfield code="a">n-us-oh</subfield></datafield><datafield ind1="1" ind2="0" tag="050"><subfield code="a">ISSN RECORD</subfield></datafield><datafield ind1="0" ind2="0" tag="082"><subfield code="a">071</subfield><subfield code="2">23</subfield></datafield><datafield ind1="0" ind2=" " tag="130"><subfield code="a">Cleveland leader (Cleveland, Ohio : 1865 : Online)</subfield></datafield><datafield ind1=" " ind2="4" tag="222"><subfield code="a">The Cleveland leader</subfield><subfield code="b">(Cleveland, Ohio. 1865. Online)</subfield></datafield><datafield ind1="1" ind2="4" tag="245"><subfield code="a">The Cleveland leader.</subfield></datafield><datafield ind1=" " ind2="1" tag="264"><subfield code="a">Cleveland [Ohio] :</subfield><subfield code="b">E. Cowles &amp; Co.,</subfield><subfield code="c">1865.</subfield></datafield><datafield ind1=" " ind2=" " tag="310"><subfield code="a">Daily (except Sunday)</subfield></datafield><datafield ind1=" " ind2=" " tag="336"><subfield code="a">text</subfield><subfield code="b">txt</subfield><subfield code="2">rdacontent</subfield></datafield><datafield ind1=" " ind2=" " tag="337"><subfield code="a">computer</subfield><subfield code="b">c</subfield><subfield code="2">rdamedia</subfield></datafield><datafield ind1=" " ind2=" " tag="338"><subfield code="a">online resource</subfield><subfield code="b">cr</subfield><subfield code="2">rdacarrier</subfield></datafield><datafield ind1="0" ind2=" " tag="362"><subfield code="a">Vol. 19, no. 104 (May 1, 1865)-v. 19, no. 235 (Oct. 3, 1865).</subfield></datafield><datafield ind1=" " ind2=" " tag="500"><subfield code="a">"Republican."</subfield></datafield><datafield ind1=" " ind2=" " tag="530"><subfield code="a">Also issued in print.</subfield></datafield><datafield ind1=" " ind2=" " tag="588"><subfield code="a">Description based on print version resource.</subfield></datafield><datafield ind1=" " ind2=" " tag="588"><subfield code="a">Latest issue consulted: Vol. XIX, no. 235 (October 3, 1865) (Chroniclingamerica.loc.gov, viewed Mar. 6, 2013).</subfield></datafield><datafield ind1=" " ind2="0" tag="651"><subfield code="a">Cleveland (Ohio)</subfield><subfield code="v">Newspapers.</subfield></datafield><datafield ind1=" " ind2="0" tag="651"><subfield code="a">Cuyahoga County (Ohio)</subfield><subfield code="v">Newspapers.</subfield></datafield><datafield ind1=" " ind2="7" tag="655"><subfield code="a">Newspapers.</subfield><subfield code="2">fast</subfield><subfield code="0">(OCoLC)fst01423814</subfield></datafield><datafield ind1=" " ind2="7" tag="651"><subfield code="a">Ohio</subfield><subfield code="z">Cleveland.</subfield><subfield code="2">fast</subfield><subfield code="0">(OCoLC)fst01205966</subfield></datafield><datafield ind1=" " ind2="7" tag="651"><subfield code="a">Ohio</subfield><subfield code="z">Cuyahoga County.</subfield><subfield code="2">fast</subfield><subfield code="0">(OCoLC)fst01202752</subfield></datafield><datafield ind1=" " ind2=" " tag="752"><subfield code="a">United States</subfield><subfield code="b">Ohio</subfield><subfield code="c">Cuyahoga</subfield><subfield code="d">Cleveland.</subfield></datafield><datafield ind1="0" ind2=" " tag="775"><subfield code="t">Cleveland weekly leader (Cleveland, Ohio : 1854 : Online)</subfield></datafield><datafield ind1="0" ind2=" " tag="775"><subfield code="t">Cleveland tri-weekly leader (Online)</subfield><subfield code="x">2327-1396</subfield><subfield code="w">(DLC)  2013218613</subfield><subfield code="w">(OCoLC)829118719</subfield></datafield><datafield ind1="1" ind2=" " tag="776"><subfield code="t">Cleveland leader (Cleveland, Ohio : 1865)</subfield><subfield code="x">2327-1353</subfield><subfield code="w">(DLC)sn 83035144</subfield><subfield code="w">(OCoLC)9541313</subfield></datafield><datafield ind1="0" ind2="0" tag="780"><subfield code="t">Cleveland morning leader (Online)</subfield></datafield><datafield ind1="0" ind2="0" tag="785"><subfield code="t">Cleveland daily leader (Online)</subfield></datafield><datafield ind1="4" ind2="1" tag="856"><subfield code="u">http://www.loc.gov/chroniclingamerica/lccn/sn83035144/issues</subfield></datafield></record>